<?xml version="1.0" encoding="UTF-8"?><record xmlns="http://www.loc.gov/MARC21/slim" xmlns:cinclude="http://apache.org/cocoon/include/1.0" xmlns:zs="http://www.loc.gov/zing/srw/">
  <leader>00490cz  a2200133n  4500</leader>
  <controlfield tag="001">n  91015896 </controlfield>
  <controlfield tag="003">DLC</controlfield>
  <controlfield tag="005">19910214094818.9</controlfield>
  <controlfield tag="008">910214n| acannaab|          |n aaa |||  </controlfield>
  <datafield tag="010" ind1=" " ind2=" ">
    <subfield code="a">n  91015896 </subfield>
  </datafield>
  <datafield tag="040" ind1=" " ind2=" ">
    <subfield code="a">DLC</subfield>
    <subfield code="c">DLC</subfield>
    <subfield code="d">DLC</subfield>
  </datafield>
  <datafield tag="100" ind1="1" ind2="0">
    <subfield code="a">Duquette, André</subfield>
  </datafield>
  <datafield tag="670" ind1=" " ind2=" ">
    <subfield code="a">His Facteurs reliés à l'épuisement professionnel du personnel infirmier, 1990:</subfield>
    <subfield code="b">t.p. (André Duquette; INF., PH.D.; Faculté des sciences infirmières, Univ. de Montréal)</subfield>
  </datafield>
  <datafield tag="670" ind1=" " ind2=" ">
    <subfield code="a">NLC, 9-19-90</subfield>
    <subfield code="b">(Duquette, André)</subfield>
  </datafield>
</record>